@article{Black1993,
    title = {Asperity Deformation Models for Explaining the Mechanisms Involved in Metallic Sliding Friction and Wear—A Review},
    volume = {207},
    DOI = {https://doi.org/10.1243/PIME_PROC_1993_207_138_02},
    number = {5},
    journal = {Proceedings of the Institution of Mechanical Engineers, Part C: Journal of Mechanical Engineering Science},
    publisher = {SAGE Publications},
    author = {Black, A. J. and Kopalinsky, E. M. and Oxley, P. L. B.},
    year = {1993},
    month = {Sep},
    pages = {335–353} }

@article{Wanheim1974,
    title = {A Theoretically determined model for friction in metal working processes},
    note = {Citation Key: Wanheim1974},
    number = {28},
    journal = {Wear},
    author = {Wanheim, T. and Bay, N.},
    year = {1974} }

@article{Wilson1987,
    title = {Real Area of Contact and Boundary Friction in metal forming},
    volume = {30},
    note = {Citation Key: Wilson1987},
    number = {7},
    journal = {International Journal of Mechanical Sciences},
    author = {Wilson, W. R. D. and Sheu, S.},
    year = {1987},
    pages = {475–489} }


